<?xml version="1.0" encoding="UTF-8"?><collection xmlns="http://www.loc.gov/MARC21/slim"><record><leader>00431nam--2200157-i-4500</leader><controlfield tag="001">000047650</controlfield><controlfield tag="002">20161230</controlfield><controlfield tag="005">20170129005519</controlfield><controlfield tag="008">060222s1000------------r-----000-0-eng-d</controlfield><datafield ind1=" " ind2=" " tag="080"><subfield code="a">061.62(083.81)</subfield></datafield><datafield ind1=" " ind2=" " tag="245"><subfield code="a">The world of learning 1971-1972. Vol. 2. l-z (Laos-Zambia)</subfield></datafield><datafield ind1=" " ind2=" " tag="250"><subfield code="a">22nd edition</subfield></datafield><datafield ind1=" " ind2=" " tag="260"><subfield code="a">London</subfield><subfield code="b">Europa Publications Limited</subfield><subfield code="c">1972</subfield></datafield><datafield ind1=" " ind2=" " tag="300"><subfield code="a">/911-1899/p</subfield></datafield><datafield ind1=" " ind2=" " tag="852"><subfield code="a">D.1370</subfield></datafield><datafield ind1=" " ind2=" " tag="CAT"><subfield code="a">SYS</subfield><subfield code="c">20170129</subfield><subfield code="h">005519</subfield></datafield></record></collection>